<?xml version="1.0" encoding="UTF-8" ?>
<record Numero="13955987" format="InterXMarc_Complet" type="Authority">
<leader>00567c0 au22000272  45  <Pos Code="0004">00567</Pos>
<Pos Code="05" Sens="notice modifiée">c</Pos>
<Pos Code="06" Sens="notice validée par les services d&apos;autorité">0</Pos>
<Pos Code="08" Sens="notice d&apos;autorité">a</Pos>
<Pos Code="09" Sens="titre uniforme musical (TUM)">u</Pos>
<Pos Code="10">2</Pos>
<Pos Code="11">2</Pos>
<Pos Code="1216">00027</Pos>
<Pos Code="17" Sens="autres cas">2</Pos>
<Pos Code="20">4</Pos>
<Pos Code="21">5</Pos>
</leader>
<controlfield tag="001">FRBNF139559873<Pos Code="0001">FR</Pos>
<Pos Code="0204">BNF</Pos>
<Pos Code="0512">13955987</Pos>
<Pos Code="13">3</Pos>
</controlfield>
<controlfield tag="008">930608090930yy    qua       1904      1905                   1   <Pos Code="0001">93</Pos>
<Pos Code="0203">06</Pos>
<Pos Code="0405">08</Pos>
<Pos Code="0607">09</Pos>
<Pos Code="0809">09</Pos>
<Pos Code="1011">30</Pos>
<Pos Code="1213" Sens="ne s&apos;applique pas">yy</Pos>
<Pos Code="1820" Sens="quatuor instrumental">qua</Pos>
<Pos Code="2831">1904</Pos>
<Pos Code="3841">1905</Pos>
<Pos Code="61" Sens="La vedette peut être liée à une notice bibliographique sauf pour l&apos;accès matière RAMEAU">1</Pos>
</controlfield>
<datafield tag="048" ind1=" " ind2=" ">
	<subfield code="a">sa02<Pos Code="0001" Sens="cordes frottées - violon">sa</Pos>
<Pos Code="02">0</Pos>
<Pos Code="03">2</Pos>
</subfield>
	<subfield code="a">sb01<Pos Code="0001" Sens="cordes frottées - alto">sb</Pos>
<Pos Code="02">0</Pos>
<Pos Code="03">1</Pos>
</subfield>
	<subfield code="a">sc01<Pos Code="0001" Sens="cordes frottées - violoncelle">sc</Pos>
<Pos Code="02">0</Pos>
<Pos Code="03">1</Pos>
</subfield>
</datafield>
<datafield tag="100" ind1=" " ind2=" ">
	<subfield code="3">13899526</subfield>
	<subfield code="w"> 0  b     </subfield>
	<subfield code="a">Schoenberg</subfield>
	<subfield code="m">Arnold</subfield>
	<subfield code="d">1874-1951</subfield>
</datafield>
<datafield tag="144" ind1="1" ind2=" ">
	<subfield code="w">....b.fre.</subfield>
	<subfield code="a">Quatuors</subfield>
	<subfield code="b">Cordes</subfield>
	<subfield code="n">No 1</subfield>
	<subfield code="p">Op. 7</subfield>
	<subfield code="t">Ré mineur</subfield>
</datafield>
<datafield tag="600" ind1=" " ind2=" ">
	<subfield code="a">Dates de composition : 1904-1905</subfield>
	<subfield code="a">1re exécution : Vienne, Bösendorfer Saal, le 5 février 1907, par le Rosé Streichquartett</subfield>
</datafield>
<datafield tag="610" ind1=" " ind2=" ">
	<subfield code="a">Rufer, Schönberg</subfield>
</datafield>
<datafield tag="610" ind1=" " ind2=" ">
	<subfield code="a">Grove 6</subfield>
</datafield>
<datafield tag="917" ind1=" " ind2=" ">
	<subfield code="o">OPC</subfield>
	<subfield code="a">100870750</subfield>
</datafield>
<datafield tag="917" ind1=" " ind2=" ">
	<subfield code="o">OPD</subfield>
	<subfield code="a">100235910</subfield>
	<subfield code="b">ATUM</subfield>
</datafield>
<datafield tag="917" ind1=" " ind2=" ">
	<subfield code="o">OPD</subfield>
	<subfield code="a">100232900</subfield>
	<subfield code="b">ATUM</subfield>
</datafield>
<datafield tag="996" ind1=" " ind2=" ">
	<subfield code="o">OPP</subfield>
	<subfield code="a">14800190</subfield>
	<subfield code="d">20090220</subfield>
</datafield>
<datafield tag="996" ind1=" " ind2=" ">
	<subfield code="o">OPP</subfield>
	<subfield code="a">14799905</subfield>
	<subfield code="d">20090930</subfield>
</datafield>
<Alter Ori="13899526">
<datafield tag="400" ind1=" " ind2=" ">
	<subfield code="w">    b     </subfield>
	<subfield code="a">Schönberg</subfield>
	<subfield code="m">Arnold</subfield>
	<subfield code="d">1874-1951</subfield>
</datafield>
</Alter>
<Attr Nom="IDPerenne">ark:/12148/cb13955987r</Attr>
<Attr Nom="NumSource">OPC 100870750</Attr>
<Attr Nom="Source" Sens="BnF catalogue général (depuis 1999)">A</Attr>
<Attr Nom="NumAutoriteLiee">13899526</Attr>
<Attr Nom="DateCreation">08/06/ 1993</Attr>
<Attr Nom="ResponsableCreation">MIGV2</Attr>
<Attr Nom="StructCreation">1</Attr>
<Attr Nom="DateDerniereValidation">08/11/ 2010</Attr>
<Attr Nom="ResponsableDerniereValidation">MIGV4</Attr>
<Attr Nom="StructPremiereValidation">1</Attr>
<Attr Nom="DatePremiereValidation">08/06/ 1993</Attr>
<Attr Nom="ResponsablePremiereValidation">MIGV2</Attr>
<Attr Nom="StructDerniereValidation">1</Attr>
<Attr Nom="NumSource" Rep="1">OPD 100235910</Attr>
<Attr Nom="NumSource" Rep="2">OPD 100232900</Attr>
<Attr Nom="NumSource" Rep="3">OPP 14800190</Attr>
<Attr Nom="NumSource" Rep="4">OPP 14799905</Attr>
</record>
